@Misc{wwan,
  author = {},
  title  = {Wireless WAN - Wikipedia},
  year   = {},
  note   = {Disponível em: \url{https://en.wikipedia.org/wiki/Wireless\_WAN}. Acesso em: 13 de abr. de 2023}
}

@Misc{wiki-1g-br,
  author = {},
  title  = {1G - Wikipédia, a enciclopédia livre},
  year   = {},
  note   = {Disponível em: \url{https://pt.wikipedia.org/wiki/1G}. Acesso em: 14 de abr. de 2023}
}

@Misc{wiki-1g-en,
  author = {},
  title  = {1G - Wikipedia},
  year   = {},
  note   = {Disponível em: \url{https://en.wikipedia.org/wiki/1G}. Acesso em: 14 de abr. de 2023}
}

@Misc{repor1,
  author = {José Otero},
  title  = {Breve história do serviço de celular pré-pago - Canaltech},
  year   = {2023},
  note   = {Disponível em: \url{https://canaltech.com.br/colunas/breve-historia-do-servico-de-celular-pre-pago/}. Acesso em: 14 de abr. de 2023}
}

@Misc{repor2,
  author = {Danilo Paulo de Oliveira},
  title  = {O que é H+, H, G e E? Veja o significado das letras no celular | Telefonia | TechTudo},
  year   = {2023},
  note   = {Disponível em: \url{https://www.techtudo.com.br/noticias/2023/02/o-que-e-h-h-g-e-e-veja-o-significado-das-letras-da-internet-movel-edmobile.ghtml}. Acesso em: 18 de abr. de 2023}
}



@thesis{tcc1,
  address	= {Brasília},
  author	= {Eduardo Calandrini Rocha da Costa},
  pages		= {57},
  school	= {Universidade de Brasília},
  title		= {Aplicativo para Medição e Análise de Qualidade de Sinais Sem Fio de Redes Celulares},
  type		= {Graduação em Engenharia da Computação},
  year		= {2022},
  url		= {\url{https://bdm.unb.br/handle/10483/34379}}
}

@thesis{tcc2,
  address	= {CRUZ DAS ALMAS},
  author	= {Ítala Liz da Conceição Santana Silva},
  pages		= {90},
  school	= {Universidade Federal do Recôncavo da Bahia},
  title		= {Do 1G ao 5G},
  subtitle	= {Evolução das Redes de Telefonia Móvel},
  type		= {Graduação em Ciências Exatas e Tecnológicas},
  year		= {2016},
  url		= {\url{https://www2.ufrb.edu.br/bcet/components/com_chronoforms5/chronoforms/uploads/tcc/20190327163532_2015.2_-_TCC_Itala_Liz_-_Do_1g_Ao_5g_Evolucao_Das_Redes_de_Telefonia_Movel.pdf}}
}



@Misc{aula1,
  author = {Elias P. Duarte{ }Jr},
  title  = {Aula 1},
  year   = {2023},
  note   = {Disponível em: \url{https://www.inf.ufpr.br/elias/topredes/1aulaTopARedes23.pdf}. Acesso em: 14 de abr. de 2023}
}

@Misc{aula2,
  author = {Elias P. Duarte{ }Jr},
  title  = {Comunicações Sem Fio},
  year   = {2023},
  note   = {Disponível em: \url{https://www.inf.ufpr.br/elias/topredes/2aulaTopRedes23.pdf}. Acesso em: 14 de abr. de 2023}
}

@Misc{aula3,
  author = {Elias P. Duarte{ }Jr},
  title  = {Introdução às Redes Celulares},
  year   = {2023},
  note   = {Disponível em: \url{https://www.inf.ufpr.br/elias/topredes/3aulaTopRedes23.pdf}. Acesso em: 14 de abr. de 2023}
}

@Misc{aula4,
  author 	= {Elias P. Duarte{ }Jr},
  title  	= {Redes Celulares},
  subtitle 	= {3G \& CDMA},
  year   	= {2023},
  note   	= {Disponível em: \url{https://www.inf.ufpr.br/elias/topredes/4aulaTopRedes23.pdf}. Acesso em: 14 de abr. de 2023}
}

@Misc{aula5,
  author 	= {Elias P. Duarte{ }Jr},
  title  	= {Redes Celulares},
  subtitle 	= {3G, 4G \& 5G},
  year   	= {2023},
  note   	= {Disponível em: \url{https://www.inf.ufpr.br/elias/topredes/5aulaTopRedes23.pdf}. Acesso em: 14 de abr. de 2023}
}

@Misc{aula6,
  author = {Elias P. Duarte{ }Jr},
  title  = {Chegando ao 5G},
  year   = {2023},
  note   = {Disponível em: \url{https://www.inf.ufpr.br/elias/topredes/6aulaTopRedes23.pdf}. Acesso em: 14 de abr. de 2023}
}



@InProceedings{rados,
  author	= {},
  title		= {},
  booktitle	= {},
  pages		= {},
  publisher	= {},
  year		= {}
}

@Misc{ceph-site1,
  author = {},
  title  = {},
  year   = {},
  note   = {Disponível em: \url{}. Acesso em: 13 de abr. de 2023},
  url    = {}
}

@Book{conceitos-so,
  author 	= {},
  title 	= {},
  publisher = {},
  year		= {},
  edition	= {}
}

@thesis{tcc,
  address	= {},
  author	= {},
  pages		= {},
  school	= {},
  title		= {},
  type		= {},
  year		= {}
}